<collection xmlns="http://www.loc.gov/MARC21/slim">
<record>
  <leader>01453nam0a22002411i 450 </leader>
  <controlfield tag="001">IT\ICCU\CNCE\065175</controlfield>
  <controlfield tag="005">20060802000000.0</controlfield>
  <datafield tag="012" ind1=" " ind2=" ">
    <subfield code="a">o.d. g.ro a.,) a.o) (S) 1592 (A)</subfield>
    <subfield code="2">fei</subfield>
  </datafield>
  <datafield tag="100" ind1=" " ind2=" ">
    <subfield code="a">20060719d1592        0itac0103    ba</subfield>
  </datafield>
  <datafield tag="101" ind1=" " ind2=" ">
    <subfield code="a">ITA</subfield>
  </datafield>
  <datafield tag="102" ind1=" " ind2=" ">
    <subfield code="a">IT</subfield>
  </datafield>
  <datafield tag="200" ind1="1" ind2=" ">
    <subfield code="a">Bando contra Federico Sassatello da Imola, et suoi seguaci. Gio. Iacomo Nerrotto, dell&apos;vna, e l&apos;altra legge dottore; della prouincia di Romagna, &amp; esarchato di Rauenna per l&apos;illustriss. &amp; reuerendiss. sig. cardinale Sforza legato; generale locotenente criminale, &amp; commissario deputato, &amp;c</subfield>
  </datafield>
  <datafield tag="210" ind1=" " ind2=" ">
    <subfield code="a">In Rauenna</subfield>
    <subfield code="c">per Pietro Giouannelli stampator camerale</subfield>
    <subfield code="d">1592 30 genaro</subfield>
  </datafield>
  <datafield tag="215" ind1=" " ind2=" ">
    <subfield code="a">1 manifesto</subfield>
    <subfield code="c">1 stemma</subfield>
    <subfield code="d">4ʻ</subfield>
  </datafield>
  <datafield tag="300" ind1=" " ind2=" ">
    <subfield code="a">Bando emanato a Forli il 26 gennaio 1592. Tra i nomi dei condannati anche Cesare Ettorri, Giacomo Vestri, Allessandro Zucchella, Battista Bressano Molinaro, Giulio Cesare Venetiano, Giovanni Antonio Sacramoro, Girolamo Magnano da Fontana e Bonifacio Sassatelli</subfield>
  </datafield>
  <datafield tag="620" ind1=" " ind2=" ">
    <subfield code="a">IT</subfield>
    <subfield code="d">Ravenna</subfield>
  </datafield>
  <datafield tag="702" ind1=" " ind2="1">
    <subfield code="a">Sforza,</subfield>
    <subfield code="b">Francesco</subfield>
    <subfield code="c"> &lt;cardinale&gt;</subfield>
    <subfield code="3">IT\ICCU\CNCA\026597</subfield>
  </datafield>
  <datafield tag="712" ind1="0" ind2="0">
    <subfield code="a">Giovannelli, Pietro</subfield>
    <subfield code="3">IT\ICCU\CNCT\001410</subfield>
    <subfield code="4">650</subfield>
  </datafield>
  <datafield tag="790" ind1=" " ind2="1">
    <subfield code="a">Sforza,</subfield>
    <subfield code="b">Francois</subfield>
    <subfield code="c"> &lt;cardinale&gt;</subfield>
    <subfield code="3">IT\ICCU\CNCA\028295</subfield>
    <subfield code="z">Sforza, Francesco &lt;cardinale&gt;</subfield>
  </datafield>
  <datafield tag="791" ind1="0" ind2="0">
    <subfield code="a">Giovannello, Pietro</subfield>
    <subfield code="3">IT\ICCU\CNCT\004894</subfield>
    <subfield code="z">Giovannelli, Pietro</subfield>
  </datafield>
  <datafield tag="791" ind1="0" ind2="0">
    <subfield code="a">Giovanelli, Pietro</subfield>
    <subfield code="3">IT\ICCU\CNCT\004895</subfield>
    <subfield code="z">Giovannelli, Pietro</subfield>
  </datafield>
  <datafield tag="801" ind1=" " ind2="3">
    <subfield code="a">IT</subfield>
    <subfield code="b">ICCU</subfield>
    <subfield code="c">20201115</subfield>
  </datafield>
  <datafield tag="899" ind1=" " ind2=" ">
    <subfield code="a">Biblioteca comunale. Imola</subfield>
    <subfield code="1">BO0199</subfield>
    <subfield code="2">UBO BC</subfield>
  </datafield>
</record>
</collection>
